@article{Key1998443,
title = "Tools for atmospheric radiative transfer: Streamer and FluxNet ",
journal = "Computers \& Geosciences ",
volume = "24",
number = "5",
pages = "443 - 451",
year = "1998",
note = "",
issn = "0098-3004",
doi = "http://dx.doi.org/10.1016/S0098-3004(97)00130-1",
url = "http://www.sciencedirect.com/science/article/pii/S0098300497001301",
author = "Jeffrey R Key and Axel J Schweiger",
keywords = "Radiative transfer models",
keywords = "Atmospheric processes",
keywords = "Radiation budget",
keywords = "Satellites "
}

@book{petty,
author = "Grant W. Petty",
title = "A First Course in Atmospheric Radiation",
year = "2006",
publisher = "Sundog Publishing",
edition = "2"
}

